<?xml version="1.0" encoding="UTF-8"?><collection xmlns="http://www.loc.gov/MARC21/slim"><record><leader>00358nam--2200109-i-4500</leader><controlfield tag="001">000025840</controlfield><controlfield tag="002">20161230</controlfield><controlfield tag="005">20161230201036</controlfield><controlfield tag="008">060222s1000------------r-----000-0-eng-d</controlfield><datafield ind1=" " ind2=" " tag="245"><subfield code="a">Joint action by o.e.e.c. countries in the field of nuclear energy. september 1956</subfield></datafield><datafield ind1=" " ind2=" " tag="260"><subfield code="a">Paris, The Organisation For European Economic Co-operation, 1956. V+170p</subfield></datafield><datafield ind1=" " ind2=" " tag="852"><subfield code="a">12617</subfield></datafield></record></collection>